@ARTICLE{desi-867,
    author = {{Bailey}, S. and {Guy}, J. and {Kirkby}, D and {Schlegel}, D.},
    title = "{Signal to noise ratio of Emission Line Galaxies spectra}",
    year = 2014,
    month = oct,
    journal = "DESI-doc-867-v1"
}

@ARTICLE{desi-2720,
    author = {Kirkby, David},
    title = "{Fiberloss Calculations Implemented in SpecSim}",
    year = 2017,
    month = mar,
    journal = "DESI-doc-2720-v2"
}

