@ARTICLE{desi-2947,
    author = {Dey, Arjun},
    title = "{The Legacy Surveys: Status of Imaging Surveys for DESI}",
    year = 2017,
    month = jun,
    journal = "DESI-doc-2947-v1"
}

@ARTICLE{2014PASP..126..296D,
   author = {{Dey}, A. and {Valdes}, F.},
    title = "{The Delivered Image Quality with the MOSAIC Cameras at the Kitt Peak 4 m Mayall and Cerro Tololo 4 m Blanco Telescopes}",
  journal = {\pasp},
     year = 2014,
    month = mar,
   volume = 126,
    pages = {296},
      doi = {10.1086/675808},
   adsurl = {http://adsabs.harvard.edu/abs/2014PASP..126..296D},
  adsnote = {Provided by the SAO/NASA Astrophysics Data System}
}
