@ARTICLE{desi-3087,
    author = {{Dawson}, K. and {Kirkby}, D.},
    title = "{Weather Assumptions for DESI Survey Planning and Forecasts}",
    year = 2017,
    month = jul,
    journal = "DESI-doc-3087-v1"
}

@ARTICLE{desi-3577,
    author = {{Joyce}, Dick},
    title = "{Kitt Peak Weather Loss 2001--2017}",
    year = 2018,
    month = apr,
    journal = "DESI-doc-3577-v3"
}

@ARTICLE{desi-4355,
    author = {{Kirkby}, D.},
    title = "{Survey Margin and Simulations}",
    year = 2018,
    month = oct,
    journal = "DESI-doc-4355-v2"
}
